<?xml version="1.0" encoding="UTF-8"?><collection xmlns="http://www.loc.gov/MARC21/slim"><record><leader>00362nam--2200121-i-4500</leader><controlfield tag="001">000045978</controlfield><controlfield tag="002">20161230</controlfield><controlfield tag="005">20161230201045</controlfield><controlfield tag="008">060222s1000------------r-----000-0-eng-d</controlfield><datafield ind1=" " ind2=" " tag="100"><subfield code="a">Van Atta, C.M</subfield></datafield><datafield ind1=" " ind2=" " tag="245"><subfield code="a">Vacuum science and engineering. properties of gases at low pressure</subfield></datafield><datafield ind1=" " ind2=" " tag="260"><subfield code="a">Vacuum Measurements</subfield></datafield><datafield ind1=" " ind2=" " tag="490"><subfield code="a">New York, Mcgraw-hill Book Co., 1965, Xiv+459p</subfield></datafield></record></collection>